<?xml version="1.0" encoding="UTF-8"?><collection xmlns="http://www.loc.gov/MARC21/slim"><record><leader>00640nam--2200181-i-4500</leader><controlfield tag="001">000006455</controlfield><controlfield tag="002">20161230</controlfield><controlfield tag="005">20161230201026</controlfield><controlfield tag="008">060222s1000------------r-----000-0-eng-d</controlfield><datafield ind1=" " ind2=" " tag="040"><subfield code="a">IFIN-HH</subfield></datafield><datafield ind1=" " ind2=" " tag="080"><subfield code="a">539.1.074.8</subfield></datafield><datafield ind1="1" ind2=" " tag="110"><subfield code="a">Agence Internationale De L'Energie Atomique</subfield></datafield><datafield ind1="1" ind2="0" tag="245"><subfield code="a">Colloque sur la detection et la dosimetrie des neutrons et la normalisation des sources neutroniques. harwell, 10-14 decembre 1962</subfield><subfield code="b">Resumes des memoires</subfield></datafield><datafield ind1=" " ind2=" " tag="260"><subfield code="a">Vienne</subfield><subfield code="b">Agence Internationale De L'Energie Atomique</subfield><subfield code="c">1962</subfield></datafield><datafield ind1=" " ind2=" " tag="300"><subfield code="a">110P</subfield></datafield><datafield ind1=" " ind2=" " tag="490"><subfield code="a">Resumes Des Memoires</subfield></datafield><datafield ind1=" " ind2=" " tag="852"><subfield code="a">19169</subfield><subfield code="c">539.1.07:539.108</subfield></datafield><datafield ind1=" " ind2=" " tag="CAT"><subfield code="a">Sys</subfield><subfield code="c">20111018</subfield><subfield code="h">155208</subfield></datafield></record></collection>